@MISC{some,
	AUTHOR="Firuza Aibara",
	HOWPUBLISHED="LaTeX - Fundamental Research Group - IIT Bombay. http://www.it.iitb.ac.in/frg/wiki/index.php/LaTeX/",
	YEAR="2016"
}
@BOOK{some2,
	AUTHOR="Leslie Lamport",
	PUBLISHER="Latex. \textit{Addison-Wesley}",
	YEAR="1994"
	
}
@BOOK{some3,
	AUTHOR="Helmut Kopka and Patrick W Daly",
	TITLE="A guide to latex",
	YEAR="1995"
	
}
@BOOK{some4,
	AUTHOR="Michael Downes",
	PUBLISHER="Short math guide for latex. \textit{American Mathematical Society}",
	YEAR="2002"
	
}
